<?xml version="1.0" encoding="UTF-8"?><collection xmlns="http://www.loc.gov/MARC21/slim"><record><leader>00478nam--2200133-i-4500</leader><controlfield tag="001">000047923</controlfield><controlfield tag="002">20161230</controlfield><controlfield tag="005">20161230201046</controlfield><controlfield tag="008">060222s1000------------r-----000-0-eng-d</controlfield><datafield ind1=" " ind2=" " tag="080"><subfield code="a">621.039.54</subfield></datafield><datafield ind1=" " ind2=" " tag="100"><subfield code="a">Zado,F</subfield></datafield><datafield ind1=" " ind2=" " tag="245"><subfield code="a">Trace analysis of boron in nuclear graphite by mens of gas chromatography. int.symp.on men nuclear materials technology including non-metallic fuel elements, prague, july, 1 july 5, 1963</subfield></datafield><datafield ind1=" " ind2=" " tag="260"><subfield code="a">Zagreb, Ruder Boskovic Inst.,1963. 5 P</subfield></datafield><datafield ind1=" " ind2=" " tag="852"><subfield code="a">8900</subfield></datafield></record></collection>